% Encoding: UTF-8

@Article{tinygarble,
  author  = {Ebrahim M. Songhori, Siam U. Hussain, Ahmad-Reza Sadeghi, Thomas Schneider, Farinaz Koushanfar},
  title   = {TinyGarble: Highly Compressed and Scalable Sequential Garbled Circuits},
  journal = {2015 IEEE Symposium on Security and Privacy},
  year    = {2015},
}

@Article{arm2gc,
  author  = {Ebrahim M. Songhori, M. Sadegh Riazi, Siam U. Hussain, Ahmad-Reza Sadeghi, Farinaz Koushanfar},
  title   = {ARM2GC: Simple and Efficient Garbled Circuit Framework by Skipping},
  journal = {-},
  year    = {2017},
}

@Article{yao1982,
  author  = {Andrew C. Yao},
  title   = {Protocols for Secure Computations},
  journal = {-},
  year    = {1982},
  comment = {Berkeley, California 94720},
  groups  = {University of California},
}

@Article{millionaireefficientsolutions,
  author  = {Ashish Kumar, Anupam Gupta},
  title   = {Some Efficient Solutions to Yaoâ€™s Millionaire Problem},
  journal = {-},
  year    = {2013},
}

@Comment{jabref-meta: databaseType:bibtex;}
