@article{namiki2003security,
  title={Security of quantum cryptography using balanced homodyne detection},
  author={Namiki, Ryo and Hirano, Takuya},
  journal={Physical Review A},
  volume={67},
  number={2},
  pages={022308},
  year={2003},
  publisher={APS}
}

@article{almeida2016continuous,
  title={Continuous Control of Random Polarization Rotations for Quantum Communications},
  author={Almeida, {\'A}lvaro J and Muga, Nelson J and Silva, Nuno A and Prata, Jo{\~a}o M and Andr{\'e}, Paulo S and Pinto, Armando N},
  journal={Journal of Lightwave Technology},
  volume={34},
  number={16},
  pages={3914--3922},
  year={2016},
  publisher={IEEE}
}
