% Encoding: UTF-8

@Article{almeida2016continuous,
  author    = {Almeida, {\'A}lvaro J and Muga, Nelson J and Silva, Nuno A and Prata, Jo{\~a}o M and Andr{\'e}, Paulo S and Pinto, Armando N},
  title     = {Continuous Control of Random Polarization Rotations for Quantum Communications},
  journal   = {Journal of Lightwave Technology},
  year      = {2016},
  volume    = {34},
  number    = {16},
  pages     = {3914--3922},
  publisher = {IEEE},
}

@Manual{thorlabs,
  title  = {Thorlabs Balance Amplified Photodetectors: PDB4xx Series Operation Manual},
  author = {Thorlabs},
  year   = {2014},
}

@Comment{jabref-meta: databaseType:bibtex;}
