% Encoding: UTF-8
@article{Zeilinger,
author = {Thomas Jennewein and Ulrich Achleitner and Gregor Weihs and Harald Weinfurter and Anton Zeilinger},
title = {A fast and compact quantum random number generator},
journal = {Review of Scientific Instruments},
volume = {71},
number = {4},
pages = {1675-1680},
year = {2000},
doi = {10.1063/1.1150518}
}

@article{katsoprinakis2008quantum,
  title={Quantum random number generator based on spin noise},
  author={Katsoprinakis, GE and Polis, M and Tavernarakis, A and Dellis, AT and Kominis, IK},
  journal={Physical Review A},
  volume={77},
  number={5},
  pages={054101},
  year={2008},
  publisher={APS}
}

@book{probabilitySheldon,
  Author = {Sheldon M. Ross},
  Title = {Introduction to Probability and Statistics for Engineers and Scientists, Fifth Edition},
  Publisher = {Academic Press},
  Year = {2014},
 }

@Book{mischasch,
  title     = {Information Transmission, Modulation and Noise},
  publisher = {McGraw-Hill College},
  year      = {1990},
  author    = {Mischa Schwartz},
  isbn      = {9780070559097},
}

@Book{9780072957167,
  title     = {Digital Communications},
  publisher = {McGraw-Hill},
  year      = {2008},
  author    = {John G. Proakis and Masoud Salehi},
  edition   = {5ed},
  isbn      = {9780072957167},
}

@Comment{jabref-meta: databaseType:bibtex;}
